% This file was created with JabRef 2.10.
% Encoding: Cp1252


@misc{ElekPrVog,
  author                    = {Steve Trimberger and Sebastian Gertl},
  title                     = {Die vier Zeitalter der FPGA-Entwicklung},
  month                     = {07},
  year                      = {2016},
  Url                       = {http://www.elektronikpraxis.vogel.de/meilensteine-der-elektronik/articles/541059/}
}
@misc{VeniWiki,
  author                   =  {Arthur Pommersheim and Prabhat Rayapati and Chongyu Yuan},
  title                     = {CLB Block Diagram},
  school                    = {University of Virginia},
  Url                       = {http://venividiwiki.ee.virginia.edu/mediawiki/images/c/ca/}
}

@phdthesis{MEckertDiss,
  author                = {Eckert, Marcel},
  title                 = {FPGA-Based System Virtual Machines},
  school                = {Helmut Schmidt Universität - Universität der Bundeswehr Hamburg},
  year                  = {2014}
}

@misc{NI,
  author                   = {National Instruments},
  title                     = {Wie funktionieren FPGAs?},
  month                     = {05},
  year                      = {2013},
  Url                       = {http://www.ni.com/white-paper/6983/de/}
}

@misc{mikro,
  author                   = {Mikrocontroller.net},
  title                     = {FPGA},
  Url                       = {http://www.mikrocontroller.net/articles/FPGA}
}

@Masterthesis {ME,
  author                    ={Matthias Engelke},
  title                     ={Anbindung eines AC-97 Codecs an das PRHS Framework},
  school                    ={Helmut Schmidt Universität - Universität der Bundeswehr Hamburg},
  year                      ={2015},
  month                     ={01},
  type                      ={Bachelorarbeit}
}


@Book{linux,
  Title                    = {Keine Angst vor Linux/Unix: Ein Lehrbuch für Linux- und Unix-Anwender},
  Author                   = {Christine Wolfinger},
  Publisher                = {Springer-Verlag, Berlin Heidelberg},
  Year                     = {2013},

  ISBN                     = {9783642320791}
}



@Book{mbs,
  Title                    = {Modern Operating Systems},
  Author                   = {Andrew S. Tanenbaum},
  Publisher                = {Pearson Education Inc.},
  Year                     = {2009},
  ISBN                     = {9780138134594}
}

@misc{ubuntu,
  author                    = {Noisefloor},
  title                     = {Ubuntuusers Wiki},
  month                     = {05},
  year                      = {2016},
  Url                       = {https://wiki.ubuntuusers.de/Dateisystem}
}

@article{gpsabel,
  author                    = {Dipl.-Math. Heinrich Abel},
  title                     = {GPS: Global Positioning System. Funktionsweise und mathematische Grundlagen},
  pages                     = {57-60},
  year                      = {2001},
  note                       = {https://www2.hs-esslingen.de/~abel/gps/Abel-gps.htm}
}

@Book{treiber,
  Title                    = {Linux-Treiber entwickeln},
  Author                   = {Jürgen Quade and Eva-Katherina Kunst},
  Publisher                = {dpunkt.Verlag},
  Year                     = {2015},

  ISBN                     = {9783864902888}
}

@article{schnittstelle,
  author                   = {Prof. Jürgen Plate},
  title                     = {Schnittstellen : Serielle Schnitstelle, USB. Feldbusse, SPI, \(I^2\)C, 1-Wire etc.},
  Year                     = {2016},
  month                     = {November},
  Url                       = {http://www.netzmafia.de/skripten/hardware/Control/schnittstellen.pdf}
}

@booktlet{uartpdf,
  author                    = {Ergün Cömert},
  title                     = {PModCLS - UART Interface with VHDL},
  year                      = {2011},
  school                    = {Okan University}
}


@misc{pmodgps,
  author                    = {Digilent},
  title                     = {PModGPS Reference Manual},
  month                     = {04},
  year                      = {2016},
  Url                       = {https://reference.digilentinc.com/_media/pmod:pmod:pmodgps_rm.pdf}
}



@conference{spipdf,
  author                    = {Anand N and George Joseph and Suwin Sam Oommen and R Dhanabal},
  title                     = {Design and implementation of a high speed Serial Peripheral Interface},
  year                      = {2014},
  school                    = {School of Electronics Engineering, VIT University, Vellore, India.}
}

@Book{spipic,
  Title                    = {Architecture and programming of 8051 MCUs},
  Author                   = {Milan Verle},
  Publisher                = {MikroElektronika},
  Year                     = {2007},
  month                    = {01},

  ISBN                     = {9788684417093}
}


@misc{digilent,
  author                    = {Digilent},
  title                     = {Nexys4 DDR Artix-7 FPGA},
  year                      = {2016},
  Url                       = {http://store.digilentinc.com/nexys-4-ddr-artix-7-fpga-trainer-board-recommended-for-ece-curriculum/}
}

@misc{boardman,
  author                    = {Digilent},
  title                     = {Nexys4 DDR FPGA Board Reference Manual},
  month                     = {04},
  year                      = {2016},
  Url                       = {https://reference.digilentinc.com/_media/pmod:pmod:pmodgps_rm.pdf}
}

@misc{pmodgpsman,
  author                    = {GlobalTop Technology Inc.},
  title                     = {FGPMMOPA6h GPS Standalone Module Data Sheet},
  year                      = {2011},
  Url                       = {https://reference.digilentinc.com/_media/reference/pmod/pmodgps/globaltop-fgpmmopa6h-datasheet-v0a.pdf}
}

@misc{antenne,
  author                    = {Digi-Key Electronics},
  title                     = {Linx Technologies Inc. ANT-GPS-SH-SMA},
  year                      = {2016},
  month                     = {11},
  Url                       = {http://www.digikey.com/product-detail/en/linx-technologies-inc/ANT-GPS-UC-SMA/ANT-GPS-UC-SMA-ND/613967}
}

@misc{sma,
  author                    = {Digi-Key Electronics},
  title                     = {Linx Technologies Inc. CONSMA003.062},
  year                      = {2016},
  month                     = {11},
  Url                       = {http://www.digikey.com/product-detail/en/linx-technologies-inc/CONSMA003.062/CONSMA003.062-ND/1577208}
}

@misc{itwissen,
  author                    = {ITWissen.info},
  title                     = {GPS-Frequenz :: GPS Frequency},
  year                      = {2016},
  month                     = {11},
  Url                       = {http://www.itwissen.info/definition/lexikon/GPS-Frequenz-GPS-frequency.html}
}

@misc{daemon,
  author                    = {Ismail Yenigül and Necati Ersen Siseci and Afsin Taskiran and Metin Kaya},
  title                     = {Unix Daemon Server Programming},
  year                      = {2001},
  month                     = {05},
  Url                       = {http://enderunix.org/docs/eng/daemon.php}
}

@misc{gpsd,
  author                    = {Eric S. Raymond},
  title                     = {gpsd - a GPS service daemon},
  year                      = {2016},
  month                     = {09},
  Url                       = {http://catb.org/gpsd}
}

@misc{buildroot,
  author                    = {Peter Korsgaard},
  title                     = {The Buildroot user manual},
  Url                       = {https://buildroot.org/downloads/manual/manual.pdf}
}

@misc{computerlexikon,
  author                    = {Alexander Kirk},
  title                     = {Interrupt},
  Url                       = {https://computerlexikon.com/was-ist-interrupt}
}

@Book{treiberbib,
  author                    = {Joachim Wietzke},
  title                     = {Embedded Technologies},
  Publisher                = {Springer-Verlag},
  Year                     = {2012},

  ISBN                     = {9783642239960}
}

@misc{mouser,
  author                    = {Mouser Electronics Inc.},
  title                     = {MEMS Beschleunigungsmesser - ADI},
  Url                       = {https://mouser.de/new/Analog-Devices/adi-mems-accelerometers/?gclid=CKm3nsu359ACFUu6GwodITABGw}
}

@misc{accelerometer,
  author                    = {Analog Devices Inc.},
  title                     = {ADXL362},
  Year                     = {2012},
  Url                       = {https://analog.com/media/en/technical-documentation/data-sheets/ADXL362.pdf}
}

@Book{linuxunix,
  Title                    = {Linux-Unix-Programmierung},
  Author                   = {Jürgen Wolf},
  Publisher                = {Rheinwerk Computing},
  Year                     = {2006},

  ISBN                     = {3898427498}
}


@misc{treiberlinux,
  author                    = {Martin Schäf},
  title                     = {Geräte Treiber unter Unix/Linux},
  Year                     = {2004},
  month                     = {10},
  Url                       = {https://www.uni-koblenz.de/~physik/informatik/MCU/SPI.pdf}
}

@misc{spimode,
  author                    = {Christian Büch},
    title                     = {SPI - Serial Peripheral Interface},
  Year                     = {2006},
  month                     = {06},
  Url                       = {https://www.uni-koblenz.de/~physik/informatik/MCU/SPI.pdf}
}



@comment{jabref-entrytype: Workingpaper: req[] opt[]}

@comment{jabref-entrytype: Worldwideweb: req[] opt[]}
